
@misc{alz_desc,
  howpublished = "\url{https://www.mayoclinic.org/diseases-conditions/alzheimers-disease/in-depth/alzheimers/art-20048075#:~:text=To%20diagnose%20Alzheimer's%20dementia%2C%20doctors,other%20possible%20causes%20of%20impairment.}",
  publisher = {Mayo Clinic},
  author = {Mayo Clinic Staff},
  year = {2022}
}
@misc{kaggle_dset,
  howpublished = "\url{https://www.kaggle.com/datasets/tourist55/alzheimers-dataset-4-class-of-images?select=Alzheimer_s+Dataset}",
  publisher = {Kaggle},
  author = {Sarvesh Dubey},
  year = {2019}
}