
@misc{lab_handout,
  url			  = {https://www.csl.cornell.edu/courses/ece4750/handouts/ece4750-lab4-sys.pdf},
  publisher       = {School of Electrical and Computer Engineering, Cornell University},
  title           = {Lab 4: Single-Core and Multi-Core Systems},
  year            = {2022}
}
@misc{adni,
  url			  = {https://adni.loni.usc.edu/methods/mri-tool/mri-analysis/},
  publisher       = {ADNI},
  title           = {ADNI MRI ACQUISITION},
  year = {2022}
}

@article{radiomic_texture_analysis,
author = {Hassan, Islam and Kotrotsou, Aikaterini and Shojaee Bakhtiari, Ali and Thomas, Ginu and Weinberg, Jeffrey and Kumar, Jitendra and Sawaya, Raymond and Luedi, Markus and Zinn, Pascal and Colen, Rivka},
year = {2016},
month = {05},
pages = {},
title = {Radiomic Texture Analysis Mapping Predicts Areas of True Functional MRI Activity},
volume = {6},
journal = {Scientific Reports},
doi = {10.1038/srep25295}
}